<record><leader>00000cas a22000007a 4500</leader><controlfield tag="001">10773073</controlfield><controlfield tag="008">840525d19261949njudn ne      0    0eng  </controlfield><datafield ind1=" " ind2=" " tag="010"><subfield code="a">sn 84020434 </subfield></datafield><datafield ind1=" " ind2=" " tag="040"><subfield code="a">DLC</subfield><subfield code="b">eng</subfield><subfield code="c">DLC</subfield><subfield code="d">NPA</subfield><subfield code="d">NJW</subfield><subfield code="d">NSD</subfield><subfield code="d">OCLCQ</subfield></datafield><datafield ind1=" " ind2=" " tag="042"><subfield code="a">msc</subfield></datafield><datafield ind1="0" ind2="0" tag="050"><subfield code="a">Newspaper 7002</subfield></datafield><datafield ind1="0" ind2=" " tag="130"><subfield code="a">Morning post (Camden, N.J.)</subfield></datafield><datafield ind1="1" ind2="4" tag="245"><subfield code="a">The morning post.</subfield></datafield><datafield ind1="3" ind2="0" tag="246"><subfield code="a">Post</subfield></datafield><datafield ind1="1" ind2="7" tag="246"><subfield code="a">Courier-post</subfield></datafield><datafield ind1=" " ind2=" " tag="260"><subfield code="a">Camden, N.J. :</subfield><subfield code="b">Courier-Post Co.,</subfield><subfield code="c">-1949.</subfield></datafield><datafield ind1=" " ind2=" " tag="300"><subfield code="a">v. :</subfield><subfield code="b">ill. ;</subfield><subfield code="c">63 cm.</subfield></datafield><datafield ind1=" " ind2=" " tag="310"><subfield code="a">Daily (except Sun.)</subfield></datafield><datafield ind1="0" ind2=" " tag="362"><subfield code="a">-v. 74, no. 190 (Sept. 8, 1949).</subfield></datafield><datafield ind1=" " ind2=" " tag="500"><subfield code="a">Erroneous beginning date recorded in: Wright, W.C. and Stellhorn, P.A. Direct. of N.J. newspapers.</subfield></datafield><datafield ind1=" " ind2=" " tag="500"><subfield code="a">The word "morning" appears as part of the masthead ornament, &lt;1926&gt;.</subfield></datafield><datafield ind1=" " ind2=" " tag="500"><subfield code="a">"Independent." Cf. Ayer, 1949.</subfield></datafield><datafield ind1=" " ind2=" " tag="530"><subfield code="a">Also issued on microfilm by Certified Systems Microfilming Service, Feasterville, Pa. and the Micro Photo Div., Bell &amp; Howell Co.</subfield></datafield><datafield ind1=" " ind2=" " tag="588"><subfield code="a">Description based on: Vol. 51, no. 32 (Mar. 8, 1926).</subfield></datafield><datafield ind1=" " ind2=" " tag="752"><subfield code="a">United States</subfield><subfield code="b">New Jersey</subfield><subfield code="c">Camden</subfield><subfield code="d">Camden.</subfield></datafield><datafield ind1="0" ind2="0" tag="780"><subfield code="t">Camden post-telegram</subfield><subfield code="w">(DLC)sn 86077145</subfield><subfield code="w">(OCoLC)14202501</subfield></datafield><datafield ind1="0" ind2="7" tag="785"><subfield code="t">Evening courier (Camden, N.J.)</subfield><subfield code="w">(DLC)sn 84020407</subfield><subfield code="w">(OCoLC)10766011</subfield></datafield><datafield ind1="0" ind2="7" tag="785"><subfield code="t">Courier-post</subfield><subfield code="x">1050-432X</subfield><subfield code="w">(DLC)sn 85055016</subfield><subfield code="w">(OCoLC)12230254</subfield></datafield></record>